<?xml version="1.0" encoding="UTF-8"?>
<record xmlns="http://www.loc.gov/MARC21/slim" xmlns:xsi="http://www.w3.org/2001/XMLSchema-instance" xsi:schemaLocation="http://www.loc.gov/MARC21/slim http://www.loc.gov/standards/marcxml/schema/MARC21slim.xsd">
<leader>00000cam a22      i 4500</leader>
<controlfield tag="001">001951273</controlfield>
<controlfield tag="003">NNU</controlfield>
<controlfield tag="005">20150611160928.0</controlfield>
<controlfield tag="008">940817s1924    ua       b    001 0 arar</controlfield>
<datafield tag="010" ind1=" " ind2=" ">
<subfield code="a">ne 68000023</subfield>
</datafield>
<datafield tag="035" ind1=" " ind2=" ">
<subfield code="a">(OCoLC)18203723</subfield>
<subfield code="z">(OCoLC)31086465</subfield>
<subfield code="z">(OCoLC)40237442</subfield>
</datafield>
<datafield tag="040" ind1=" " ind2=" ">
<subfield code="a">DLC</subfield>
<subfield code="b">eng</subfield>
<subfield code="c">RBN</subfield>
<subfield code="d">DLC</subfield>
<subfield code="d">OCLCQ</subfield>
<subfield code="d">OCLCO</subfield>
<subfield code="d">IUL</subfield>
<subfield code="d">OCLCQ</subfield>
<subfield code="d">OCLCF</subfield>
</datafield>
<datafield tag="042" ind1=" " ind2=" ">
<subfield code="a">premarc</subfield>
</datafield>
<datafield tag="050" ind1="0" ind2="0">
<subfield code="a">BP191</subfield>
<subfield code="b">.I23 1924</subfield>
</datafield>
<datafield tag="100" ind1="1" ind2=" ">
<subfield code="6">880-01</subfield>
<subfield code="a">Ibn Ṭāhir al-Baghdādī, ʻAbd al-Qāhir,</subfield>
<subfield code="d">-1037.</subfield>
</datafield>
<datafield tag="240" ind1="1" ind2="0">
<subfield code="6">880-02</subfield>
<subfield code="a">Farq bayna al-firaq.</subfield>
<subfield code="k">Selections</subfield>
</datafield>
<datafield tag="245" ind1="1" ind2="0">
<subfield code="6">880-03</subfield>
<subfield code="a">Mukhtaṣar kitāb al-farq bayna al-firaq /</subfield>
<subfield code="c">taʼlīf ʻAbd al-Qāhir ibn Ṭāhir Abī Manṣūr al-Baghdādī ; ikhtiṣar ʻAbd al-Razzāq ibn Rizq Allāh ibn Abī Bakr ibn Khalaf al-Rasʻanī ; ḥarrarahu Fīlīb Ḥittī.</subfield>
</datafield>
<datafield tag="246" ind1="3" ind2=" ">
<subfield code="6">880-04</subfield>
<subfield code="a">Farq bayna al-firaq</subfield>
</datafield>
<datafield tag="246" ind1="1" ind2="5">
<subfield code="a">Baghdadi's Characteristics of Muslim sects (al-Fark bayn al-firak) abridged</subfield>
</datafield>
<datafield tag="246" ind1="3" ind2="0">
<subfield code="a">Characteristics of Muslim sects (al-Fark bayn al-firak) abridged</subfield>
</datafield>
<datafield tag="246" ind1="3" ind2="0">
<subfield code="a">Fark bayn al-firak</subfield>
</datafield>
<datafield tag="260" ind1=" " ind2=" ">
<subfield code="6">880-05</subfield>
<subfield code="a">Miṣr :</subfield>
<subfield code="b">Maṭbaʻat al-Hilāl,</subfield>
<subfield code="c">1924.</subfield>
</datafield>
<datafield tag="300" ind1=" " ind2=" ">
<subfield code="a">4, 201, 2 pages ;</subfield>
<subfield code="c">24 cm</subfield>
</datafield>
<datafield tag="336" ind1=" " ind2=" ">
<subfield code="a">text</subfield>
<subfield code="b">txt</subfield>
<subfield code="2">rdacontent</subfield>
</datafield>
<datafield tag="337" ind1=" " ind2=" ">
<subfield code="a">unmediated</subfield>
<subfield code="b">n</subfield>
<subfield code="2">rdamedia</subfield>
</datafield>
<datafield tag="338" ind1=" " ind2=" ">
<subfield code="a">volume</subfield>
<subfield code="b">nc</subfield>
<subfield code="2">rdacarrier</subfield>
</datafield>
<datafield tag="500" ind1=" " ind2=" ">
<subfield code="a">Added t.p.: al-Baghdadi's Characteristics of Muslim sects (al-Fark bayn al-firak) abridged.</subfield>
</datafield>
<datafield tag="504" ind1=" " ind2=" ">
<subfield code="a">Includes bibliographical references and index.</subfield>
</datafield>
<datafield tag="650" ind1=" " ind2="0">
<subfield code="a">Islamic sects.</subfield>
</datafield>
<datafield tag="650" ind1=" " ind2="7">
<subfield code="a">Islamic sects.</subfield>
<subfield code="2">fast</subfield>
<subfield code="0">(OCoLC)fst00980055</subfield>
</datafield>
<datafield tag="700" ind1="1" ind2=" ">
<subfield code="6">880-06</subfield>
<subfield code="a">Rasʻanī, ʻAbd al-Razzāq ibn Rizq Allāh,</subfield>
<subfield code="d">1193-1262 or 1263.</subfield>
</datafield>
<datafield tag="700" ind1="1" ind2=" ">
<subfield code="a">Hitti, Philip Khuri,</subfield>
<subfield code="d">1886-1978</subfield>
<subfield code="6">880-07</subfield>
</datafield>
<datafield tag="776" ind1="0" ind2="8">
<subfield code="i">Online version:</subfield>
<subfield code="a">Ibn Ṭāhir al-Baghdādī, ʻAbd al-Qāhir, -1037.</subfield>
<subfield code="t">Mukhtaṣar kitāb al-farq bayna al-firaq.</subfield>
<subfield code="d">Miṣr : Maṭbaʻat al-Hilāl, 1924</subfield>
<subfield code="w">(OCoLC)654140011</subfield>
</datafield>
<datafield tag="880" ind1="1" ind2=" ">
<subfield code="6">100-01/</subfield>
<subfield code="a">ابن طاهر البغدادي، عبد القاهر،,</subfield>
<subfield code="d">-1037.</subfield>
</datafield>
<datafield tag="880" ind1="1" ind2="0">
<subfield code="6">240-02/</subfield>
<subfield code="a">فرق بين الفرق.</subfield>
<subfield code="k">مختارات</subfield>
</datafield>
<datafield tag="880" ind1="1" ind2="0">
<subfield code="6">245-03/</subfield>
<subfield code="a">مختصر كتاب الفرق بين الفرق /</subfield>
<subfield code="c">تأليف عبد القاهر بن طاهر ابي منصور البغدادي ؛ اختصار عبد الرزاق بن رزق الله بن ابي بكر بن خلف الرسعني ؛ حرره فيليب حتي.</subfield>
</datafield>
<datafield tag="880" ind1="3" ind2=" ">
<subfield code="6">246-04/</subfield>
<subfield code="a">فرق بين الفرق</subfield>
</datafield>
<datafield tag="880" ind1=" " ind2=" ">
<subfield code="6">260-05/</subfield>
<subfield code="a">مصر :</subfield>
<subfield code="b">مطبعة الهلال،</subfield>
<subfield code="c">1924.</subfield>
</datafield>
<datafield tag="880" ind1="1" ind2=" ">
<subfield code="6">700-06/</subfield>
<subfield code="a">رسعني، عبد الرزاق بن رزق الله،,</subfield>
<subfield code="d">1193 or 1262 or 1263.</subfield>
</datafield>
<datafield tag="880" ind1="1" ind2=" ">
<subfield code="6">700-07/</subfield>
<subfield code="a">حتي، فيليب</subfield>
<subfield code="q">(فيليب خوري)،,</subfield>
<subfield code="d">1886-1978.</subfield>
</datafield>
<datafield tag="OWN" ind1=" " ind2=" ">
<subfield code="a">GENERAL</subfield>
</datafield>
<datafield tag="AVA" ind1=" " ind2=" ">
<subfield code="a">NYU50</subfield>
<subfield code="b">BOBST</subfield>
<subfield code="c">Main Collection</subfield>
<subfield code="d">BP191 .I2 1924</subfield>
<subfield code="e">unavailable</subfield>
<subfield code="t">Unavailable</subfield>
<subfield code="f">1</subfield>
<subfield code="g">1</subfield>
<subfield code="h">N</subfield>
<subfield code="i">2</subfield>
<subfield code="j">MAIN</subfield>
<subfield code="k">0</subfield>
</datafield>
<datafield tag="AVA" ind1=" " ind2=" ">
<subfield code="a">NYU50</subfield>
<subfield code="b">NIFA</subfield>
<subfield code="c">Main Collection</subfield>
<subfield code="d">BP191 .I23 1924 Non-Circulating</subfield>
<subfield code="e">unavailable</subfield>
<subfield code="t">Unavailable</subfield>
<subfield code="f">1</subfield>
<subfield code="g">1</subfield>
<subfield code="h">N</subfield>
<subfield code="i">0</subfield>
<subfield code="j">MAIN</subfield>
<subfield code="k">0</subfield>
</datafield>
</record>
